<?xml version="1.0" encoding="UTF-8"?><collection xmlns="http://www.loc.gov/MARC21/slim"><record><leader>00639nam--2200169-i-4500</leader><controlfield tag="001">000047035</controlfield><controlfield tag="002">20161230</controlfield><controlfield tag="005">20161230201046</controlfield><controlfield tag="008">060222s1000------------r-----000-0-eng-d</controlfield><datafield ind1=" " ind2=" " tag="040"><subfield code="a">IFIN-HH</subfield></datafield><datafield ind1=" " ind2=" " tag="080"><subfield code="a">802.0+801.323.1</subfield></datafield><datafield ind1="1" ind2=" " tag="100"><subfield code="a">Babcock, Philip</subfield></datafield><datafield ind1="1" ind2="0" tag="245"><subfield code="a">Webster`s third new international dictionary of the english language unabridged. a meririam-webster reg.u.s.paat.off utilizing all the experience of more than one hundred years of merriam-webster dictionaries</subfield><subfield code="b">Vol. 1 a-k</subfield><subfield code="c">Philip babcock (editor in chief)</subfield></datafield><datafield ind1=" " ind2=" " tag="260"><subfield code="a">London</subfield><subfield code="b">G.Bell &amp; Sons, Ltd</subfield><subfield code="c">1966</subfield></datafield><datafield ind1=" " ind2=" " tag="300"><subfield code="a">1258P</subfield></datafield><datafield ind1=" " ind2=" " tag="852"><subfield code="a">D.480</subfield></datafield><datafield ind1=" " ind2=" " tag="CAT"><subfield code="a">Sys</subfield><subfield code="c">20130306</subfield><subfield code="h">105147</subfield></datafield></record></collection>